<record><leader>00000cas a22000007a 4500</leader><controlfield tag="001">11434592</controlfield><controlfield tag="008">841129d1870187uinuwr ne      0    0eng d</controlfield><datafield ind1=" " ind2=" " tag="010"><subfield code="a">sn 84045577 </subfield></datafield><datafield ind1=" " ind2=" " tag="040"><subfield code="a">NPI</subfield><subfield code="b">eng</subfield><subfield code="c">NPI</subfield><subfield code="d">NPX</subfield><subfield code="d">NPI</subfield><subfield code="d">OCLCQ</subfield></datafield><datafield ind1=" " ind2=" " tag="042"><subfield code="a">msc</subfield></datafield><datafield ind1="0" ind2="4" tag="245"><subfield code="a">The Zionsville news.</subfield></datafield><datafield ind1=" " ind2=" " tag="260"><subfield code="a">Zionsville, Ind. :</subfield><subfield code="b">John S. Grieves</subfield></datafield><datafield ind1=" " ind2=" " tag="310"><subfield code="a">Weekly</subfield></datafield><datafield ind1="1" ind2=" " tag="362"><subfield code="a">Began in 1870.</subfield></datafield><datafield ind1=" " ind2=" " tag="588"><subfield code="a">Description based on: Vol. 1, no. 8 (Feb. 25, 1870).</subfield></datafield><datafield ind1=" " ind2=" " tag="752"><subfield code="a">United States</subfield><subfield code="b">Indiana</subfield><subfield code="c">Boone</subfield><subfield code="d">Zionsville.</subfield></datafield><datafield ind1="0" ind2="0" tag="785"><subfield code="t">Zionsville times</subfield><subfield code="w">(DLC)sn 84045576</subfield></datafield></record>